<?xml version="1.0" encoding="UTF-8"?><collection xmlns="http://www.loc.gov/MARC21/slim"><record><leader>00568nam--2200193-i-4500</leader><controlfield tag="001">000019492</controlfield><controlfield tag="002">20161230</controlfield><controlfield tag="005">20161230201033</controlfield><controlfield tag="008">060222s1000------------r-----000-0-eng-d</controlfield><datafield ind1=" " ind2=" " tag="040"><subfield code="a">IFIN-HH</subfield></datafield><datafield ind1=" " ind2=" " tag="080"><subfield code="a">539.1</subfield></datafield><datafield ind1="1" ind2=" " tag="100"><subfield code="a">Condon, Edward U</subfield></datafield><datafield ind1="1" ind2="0" tag="245"><subfield code="a">New directions in atomic physics</subfield><subfield code="c">Edward e. condon, oktay sinanoglu (eds.)</subfield></datafield><datafield ind1=" " ind2=" " tag="260"><subfield code="a">New York</subfield><subfield code="b">Yale University Press</subfield><subfield code="c">1972</subfield></datafield><datafield ind1=" " ind2=" " tag="490"><subfield code="a">Yale Series In The Sciences</subfield></datafield><datafield ind1=" " ind2=" " tag="700"><subfield code="a">Sinanoglu, Oktay</subfield><subfield code="e">Ed</subfield></datafield><datafield ind1="1" ind2=" " tag="787"><subfield code="a">Volume 2</subfield><subfield code="h">Xv + 163 P</subfield><subfield code="t">Experiment</subfield></datafield><datafield ind1=" " ind2=" " tag="852"><subfield code="a">36518</subfield><subfield code="c">539</subfield></datafield><datafield ind1=" " ind2=" " tag="CAT"><subfield code="a">Sys</subfield><subfield code="c">20111010</subfield><subfield code="h">085301</subfield></datafield></record></collection>